<collection xmlns="http://www.loc.gov/MARC21/slim">
  <record>
    <controlfield tag="001">2272973</controlfield>
    <controlfield tag="005">20170704112045.0</controlfield>
    <datafield tag="0248" ind1=" " ind2=" ">
      <subfield code="a">test a</subfield>
      <subfield code="p">test p</subfield>
      <subfield code="q">test q</subfield>
    </datafield>
    <datafield tag="037" ind1=" " ind2=" ">
      <subfield code="a">CERN-MOVIE-2017-023-001</subfield>
    </datafield>
    <datafield tag="041" ind1=" " ind2=" ">
      <subfield code="a">eng</subfield>
    </datafield>
    <datafield tag="100" ind1=" " ind2=" ">
      <subfield code="a">CERN video productions</subfield>
      <subfield code="e">Produced by</subfield>
    </datafield>
    <datafield tag="245" ind1=" " ind2=" ">
      <subfield code="a">Happy 5th anniversary, Higgs boson!</subfield>
    </datafield>
    <datafield tag="260" ind1=" " ind2=" ">
      <subfield code="c">2017</subfield>
    </datafield>
    <datafield tag="269" ind1=" " ind2=" ">
      <subfield code="c">2017-07-04</subfield>
    </datafield>
    <datafield tag="300" ind1=" " ind2=" ">
      <subfield code="a">00:01:09.480</subfield>
      <subfield code="b">1920x1080 16/9, 25.00</subfield>
      <subfield code="c">25</subfield>
      <subfield code="d">1920x1080</subfield>
      <subfield code="e">16:9</subfield>
    </datafield>
    <datafield tag="506" ind1="1" ind2=" ">
      <subfield code="a"/>
    </datafield>
    <datafield tag="506" ind1="1" ind2=" ">
      <subfield code="2">CDS Invenio</subfield>
      <subfield code="5">SzGeCERN</subfield>
      <subfield code="a">Restricted</subfield>
      <subfield code="d">test-group [CERN]</subfield>
      <subfield code="d">cds-admin [CERN]</subfield>
      <subfield code="f">group</subfield>
    </datafield>
    <datafield tag="506" ind1="1" ind2=" ">
      <subfield code="2">CDS Invenio</subfield>
      <subfield code="5">SzGeCERN</subfield>
      <subfield code="a">Restricted</subfield>
      <subfield code="d">test-email@cern.ch</subfield>
      <subfield code="f">email</subfield>
    </datafield>
    <datafield tag="506" ind1=" " ind2=" ">
      <subfield code="m">example@test.com</subfield>
    </datafield>
    <datafield tag="520" ind1=" " ind2=" ">
      <subfield code="a">Where were you on 4 July 2012, the day in which the Higgs boson discovery was announced?</subfield>
    </datafield>
    <datafield tag="542" ind1=" " ind2=" ">
      <subfield code="d">CERN</subfield>
      <subfield code="g">2017</subfield>
    </datafield>
    <datafield tag="653" ind1="1" ind2=" ">
      <subfield code="a">higgs</subfield>
      <subfield code="9">CERN</subfield>
    </datafield>
    <datafield tag="653" ind1="1" ind2=" ">
      <subfield code="a">anniversary</subfield>
      <subfield code="9">CERN</subfield>
    </datafield>
    <datafield tag="690" ind1="C" ind2=" ">
      <subfield code="a">publvideomovie</subfield>
    </datafield>
    <datafield tag="700" ind1=" " ind2=" ">
      <subfield code="a">CERN video productions</subfield>
      <subfield code="e">Director</subfield>
    </datafield>
    <datafield tag="700" ind1=" " ind2=" ">
      <subfield code="a">Test User</subfield>
      <subfield code="e">Director</subfield>
    </datafield>
    <datafield tag="700" ind1=" " ind2=" ">
      <subfield code="a">Test User 2</subfield>
      <subfield code="e">Director</subfield>
    </datafield>
    <datafield tag="700" ind1=" " ind2=" ">
      <subfield code="a">Test User</subfield>
      <subfield code="e">Editor</subfield>
    </datafield>
    <datafield tag="773" ind1=" " ind2=" ">
      <subfield code="o">AVW.project.2963</subfield>
      <subfield code="r">CERN-MOVIE-2017-023</subfield>
      <subfield code="u">https://cds.cern.ch/record/1</subfield>
    </datafield>
    <datafield tag="856" ind1="7" ind2=" ">
      <subfield code="2">MediaArchive</subfield>
      <subfield code="d">\\cern.ch\dfs\Services\MediaArchive\Video\Masters\Movies\CERN\2017\CERN-MOVIE-2017-023\Final_Output\CERN-MOVIE-2017-023-001.mov</subfield>
      <subfield code="x">Absolute master path</subfield>
    </datafield>
    <datafield tag="856" ind1="7" ind2=" ">
      <subfield code="2">MediaArchive</subfield>
      <subfield code="u">https://mediaarchive.cern.ch/MediaArchive/Video/Public/Movies/CERN/2017/CERN-MOVIE-2017-023/CERN-MOVIE-2017-023-001/CERN-MOVIE-2017-023-001-5872-kbps-1920x1080-audio-128-kbps-stereo.mp4</subfield>
      <subfield code="x">mp45872</subfield>
      <subfield code="y">5872 kbps maxH 1080 25 fps audio 128 kbps 48 kHz stereo</subfield>
    </datafield>
    <datafield tag="856" ind1="7" ind2=" ">
      <subfield code="2">MediaArchive</subfield>
      <subfield code="u">
        http://mediaarchive.cern.ch/MediaArchive/Video/Public/Rush/1993/CERN-VIDEORUSH-1993-001/CERN-VIDEORUSH-1993-001-0120-kbps-384x288-12.5-fps-audio-20-kbps-22-kHz-mono.wmv
      </subfield>
      <subfield code="x">wmv0120</subfield>
      <subfield code="y">
        0120 kbps 384x288 12.5 fps audio 20 kbps 22 kHz mono
      </subfield>
    </datafield>
    <datafield tag="856" ind1="7" ind2=" ">
      <subfield code="2">MediaArchive</subfield>
      <subfield code="u">http://mediaarchive.cern.ch/MediaArchive/Video/Public/Movies/CERN/2017/CERN-MOVIE-2017-023/CERN-MOVIE-2017-023-001/CERN-MOVIE-2017-023-001-2672-kbps-1280x720-audio-128-kbps-stereo.mp4</subfield>
      <subfield code="x">mp42672</subfield>
      <subfield code="y">2672 kbps maxH 720 25 fps audio 128 kbps 48 kHz stereo</subfield>
    </datafield>
    <datafield tag="856" ind1="7" ind2=" ">
      <subfield code="2">MediaArchive</subfield>
      <subfield code="u">https://mediaarchive.cern.ch/MediaArchive/Video/Public/Movies/CERN/2017/CERN-MOVIE-2017-023/CERN-MOVIE-2017-023-001/CERN-MOVIE-2017-023-001-1436-kbps-853x480-audio-64-kbps-stereo.mp4</subfield>
      <subfield code="x">mp41436</subfield>
      <subfield code="y">1436 kbps maxH 480 25 fps audio 64 kbps 48 kHz stereo</subfield>
    </datafield>
    <datafield tag="856" ind1="7" ind2=" ">
      <subfield code="2">MediaArchive</subfield>
      <subfield code="u">https://mediaarchive.cern.ch/MediaArchive/Video/Public/Movies/CERN/2017/CERN-MOVIE-2017-023/CERN-MOVIE-2017-023-001/CERN-MOVIE-2017-023-001-836-kbps-640x360-audio-64-kbps-stereo.mp4</subfield>
      <subfield code="x">mp40836</subfield>
      <subfield code="y">0836 kbps maxH 360 25 fps audio 64 kbps 48 kHz stereo</subfield>
    </datafield>
    <datafield tag="856" ind1="7" ind2=" ">
      <subfield code="2">MediaArchive</subfield>
      <subfield code="u">https://mediaarchive.cern.ch/MediaArchive/Video/Public/Movies/CERN/2017/CERN-MOVIE-2017-023/CERN-MOVIE-2017-023-001/CERN-MOVIE-2017-023-001-386-kbps-426x240-audio-64-kbps-stereo.mp4</subfield>
      <subfield code="x">mp40386</subfield>
      <subfield code="y">0386 kbps maxH 240 15 fps audio 64 kbps 48 kHz stereo</subfield>
    </datafield>
    <datafield tag="856" ind1="7" ind2=" ">
      <subfield code="2">MediaArchive</subfield>
      <subfield code="u">https://mediaarchive.cern.ch/MediaArchive/Video/Public/Movies/CERN/2017/CERN-MOVIE-2017-023/CERN-MOVIE-2017-023-001/CERN-MOVIE-2017-023-001-posterframe-640x360-at-5-percent.jpg</subfield>
      <subfield code="x">jpgposterframe</subfield>
      <subfield code="y">posterframe 640x360 at 5 percent</subfield>
    </datafield>
    <datafield tag="856" ind1="7" ind2=" ">
      <subfield code="2">MediaArchive</subfield>
      <subfield code="u">https://mediaarchive.cern.ch/MediaArchive/Video/Public/Movies/CERN/2017/CERN-MOVIE-2017-023/CERN-MOVIE-2017-023-001/CERN-MOVIE-2017-023-001-posterframe-640x360-at-15-percent.jpg</subfield>
      <subfield code="x">jpgposterframe</subfield>
      <subfield code="y">posterframe 640x360 at 15 percent</subfield>
    </datafield>
    <datafield tag="856" ind1="7" ind2=" ">
      <subfield code="2">MediaArchive</subfield>
      <subfield code="u">https://mediaarchive.cern.ch/MediaArchive/Video/Public/Movies/CERN/2017/CERN-MOVIE-2017-023/CERN-MOVIE-2017-023-001/CERN-MOVIE-2017-023-001-posterframe-640x360-at-25-percent.jpg</subfield>
      <subfield code="x">jpgposterframe</subfield>
      <subfield code="y">posterframe 640x360 at 25 percent</subfield>
    </datafield>
    <datafield tag="856" ind1="7" ind2=" ">
      <subfield code="2">MediaArchive</subfield>
      <subfield code="u">https://mediaarchive.cern.ch/MediaArchive/Video/Public/Movies/CERN/2017/CERN-MOVIE-2017-023/CERN-MOVIE-2017-023-001/CERN-MOVIE-2017-023-001-posterframe-640x360-at-35-percent.jpg</subfield>
      <subfield code="x">jpgposterframe</subfield>
      <subfield code="y">posterframe 640x360 at 35 percent</subfield>
    </datafield>
    <datafield tag="856" ind1="7" ind2=" ">
      <subfield code="2">MediaArchive</subfield>
      <subfield code="u">https://mediaarchive.cern.ch/MediaArchive/Video/Public/Movies/CERN/2017/CERN-MOVIE-2017-023/CERN-MOVIE-2017-023-001/CERN-MOVIE-2017-023-001-posterframe-640x360-at-45-percent.jpg</subfield>
      <subfield code="x">jpgposterframe</subfield>
      <subfield code="y">posterframe 640x360 at 45 percent</subfield>
    </datafield>
    <datafield tag="856" ind1="7" ind2=" ">
      <subfield code="2">MediaArchive</subfield>
      <subfield code="u">https://mediaarchive.cern.ch/MediaArchive/Video/Public/Movies/CERN/2017/CERN-MOVIE-2017-023/CERN-MOVIE-2017-023-001/CERN-MOVIE-2017-023-001-posterframe-640x360-at-55-percent.jpg</subfield>
      <subfield code="x">jpgposterframe</subfield>
      <subfield code="y">posterframe 640x360 at 55 percent</subfield>
    </datafield>
    <datafield tag="856" ind1="7" ind2=" ">
      <subfield code="2">MediaArchive</subfield>
      <subfield code="u">https://mediaarchive.cern.ch/MediaArchive/Video/Public/Movies/CERN/2017/CERN-MOVIE-2017-023/CERN-MOVIE-2017-023-001/CERN-MOVIE-2017-023-001-posterframe-640x360-at-65-percent.jpg</subfield>
      <subfield code="x">jpgposterframe</subfield>
      <subfield code="y">posterframe 640x360 at 65 percent</subfield>
    </datafield>
    <datafield tag="856" ind1="7" ind2=" ">
      <subfield code="2">MediaArchive</subfield>
      <subfield code="u">https://mediaarchive.cern.ch/MediaArchive/Video/Public/Movies/CERN/2017/CERN-MOVIE-2017-023/CERN-MOVIE-2017-023-001/CERN-MOVIE-2017-023-001-posterframe-640x360-at-75-percent.jpg</subfield>
      <subfield code="x">jpgposterframe</subfield>
      <subfield code="y">posterframe 640x360 at 75 percent</subfield>
    </datafield>
    <datafield tag="856" ind1="7" ind2=" ">
      <subfield code="2">MediaArchive</subfield>
      <subfield code="u">https://mediaarchive.cern.ch/MediaArchive/Video/Public/Movies/CERN/2017/CERN-MOVIE-2017-023/CERN-MOVIE-2017-023-001/CERN-MOVIE-2017-023-001-posterframe-640x360-at-85-percent.jpg</subfield>
      <subfield code="x">jpgposterframe</subfield>
      <subfield code="y">posterframe 640x360 at 85 percent</subfield>
    </datafield>
    <datafield tag="856" ind1="7" ind2=" ">
      <subfield code="2">MediaArchive</subfield>
      <subfield code="u">https://mediaarchive.cern.ch/MediaArchive/Video/Public/Movies/CERN/2017/CERN-MOVIE-2017-023/CERN-MOVIE-2017-023-001/CERN-MOVIE-2017-023-001-posterframe-640x360-at-95-percent.jpg</subfield>
      <subfield code="x">jpgposterframe</subfield>
      <subfield code="y">posterframe 640x360 at 95 percent</subfield>
    </datafield>
    <datafield tag="856" ind1="7" ind2=" ">
      <subfield code="2">MediaArchive</subfield>
      <subfield code="u">https://mediaarchive.cern.ch/MediaArchive/Video/Public/Movies/CERN/2017/CERN-MOVIE-2017-023/CERN-MOVIE-2017-023-001/proxy-CERN-MOVIE-2017-023-001-posterframe-640x360-at-5-percent.jpg</subfield>
      <subfield code="x">jpgproxy-posterframe</subfield>
      <subfield code="y">proxy-posterframe 640x360 at 5 percent</subfield>
    </datafield>

    <datafield tag="856" ind1="7" ind2=" ">
      <subfield code="2">MediaArchive</subfield>
      <subfield code="u">https://mediaarchive.cern.ch/MediaArchive/Video/Public/Movies/CERN/2017/CERN-MOVIE-2017-023/CERN-MOVIE-2017-023-001/CERN-MOVIE-2017-023-001-thumbnail-180x101-at-5-percent.jpg</subfield>
      <subfield code="x">jpgthumbnail</subfield>
      <subfield code="y">thumbnail 180x101 at 5 percent</subfield>
    </datafield>
    <datafield tag="856" ind1="7" ind2=" ">
      <subfield code="2">MediaArchive</subfield>
      <subfield code="u">https://mediaarchive.cern.ch/MediaArchive/Video/Public/Movies/CERN/2017/CERN-MOVIE-2017-023/CERN-MOVIE-2017-023-001/CERN-MOVIE-2017-023-001-thumbnail-180x101-at-15-percent.jpg</subfield>
      <subfield code="x">jpgthumbnail</subfield>
      <subfield code="y">thumbnail 180x101 at 15 percent</subfield>
    </datafield>
    <datafield tag="856" ind1="7" ind2=" ">
      <subfield code="2">MediaArchive</subfield>
      <subfield code="u">https://mediaarchive.cern.ch/MediaArchive/Video/Public/Movies/CERN/2017/CERN-MOVIE-2017-023/CERN-MOVIE-2017-023-001/CERN-MOVIE-2017-023-001-thumbnail-180x101-at-25-percent.jpg</subfield>
      <subfield code="x">jpgthumbnail</subfield>
      <subfield code="y">thumbnail 180x101 at 25 percent</subfield>
    </datafield>
    <datafield tag="856" ind1="7" ind2=" ">
      <subfield code="2">MediaArchive</subfield>
      <subfield code="u">https://mediaarchive.cern.ch/MediaArchive/Video/Public/Movies/CERN/2017/CERN-MOVIE-2017-023/CERN-MOVIE-2017-023-001/CERN-MOVIE-2017-023-001-thumbnail-180x101-at-35-percent.jpg</subfield>
      <subfield code="x">jpgthumbnail</subfield>
      <subfield code="y">thumbnail 180x101 at 35 percent</subfield>
    </datafield>
    <datafield tag="856" ind1="7" ind2=" ">
      <subfield code="2">MediaArchive</subfield>
      <subfield code="u">https://mediaarchive.cern.ch/MediaArchive/Video/Public/Movies/CERN/2017/CERN-MOVIE-2017-023/CERN-MOVIE-2017-023-001/CERN-MOVIE-2017-023-001-thumbnail-180x101-at-45-percent.jpg</subfield>
      <subfield code="x">jpgthumbnail</subfield>
      <subfield code="y">thumbnail 180x101 at 45 percent</subfield>
    </datafield>
    <datafield tag="856" ind1="7" ind2=" ">
      <subfield code="2">MediaArchive</subfield>
      <subfield code="u">https://mediaarchive.cern.ch/MediaArchive/Video/Public/Movies/CERN/2017/CERN-MOVIE-2017-023/CERN-MOVIE-2017-023-001/CERN-MOVIE-2017-023-001-thumbnail-180x101-at-55-percent.jpg</subfield>
      <subfield code="x">jpgthumbnail</subfield>
      <subfield code="y">thumbnail 180x101 at 55 percent</subfield>
    </datafield>
    <datafield tag="856" ind1="7" ind2=" ">
      <subfield code="2">MediaArchive</subfield>
      <subfield code="u">https://mediaarchive.cern.ch/MediaArchive/Video/Public/Movies/CERN/2017/CERN-MOVIE-2017-023/CERN-MOVIE-2017-023-001/CERN-MOVIE-2017-023-001-thumbnail-180x101-at-65-percent.jpg</subfield>
      <subfield code="x">jpgthumbnail</subfield>
      <subfield code="y">thumbnail 180x101 at 65 percent</subfield>
    </datafield>
    <datafield tag="856" ind1="7" ind2=" ">
      <subfield code="2">MediaArchive</subfield>
      <subfield code="u">https://mediaarchive.cern.ch/MediaArchive/Video/Public/Movies/CERN/2017/CERN-MOVIE-2017-023/CERN-MOVIE-2017-023-001/CERN-MOVIE-2017-023-001-thumbnail-180x101-at-75-percent.jpg</subfield>
      <subfield code="x">jpgthumbnail</subfield>
      <subfield code="y">thumbnail 180x101 at 75 percent</subfield>
    </datafield>
    <datafield tag="856" ind1="7" ind2=" ">
      <subfield code="2">MediaArchive</subfield>
      <subfield code="u">https://mediaarchive.cern.ch/MediaArchive/Video/Public/Movies/CERN/2017/CERN-MOVIE-2017-023/CERN-MOVIE-2017-023-001/CERN-MOVIE-2017-023-001-thumbnail-180x101-at-85-percent.jpg</subfield>
      <subfield code="x">jpgthumbnail</subfield>
      <subfield code="y">thumbnail 180x101 at 85 percent</subfield>
    </datafield>
    <datafield tag="856" ind1="7" ind2=" ">
      <subfield code="2">MediaArchive</subfield>
      <subfield code="u">https://mediaarchive.cern.ch/MediaArchive/Video/Public/Movies/CERN/2017/CERN-MOVIE-2017-023/CERN-MOVIE-2017-023-001/CERN-MOVIE-2017-023-001-thumbnail-180x101-at-95-percent.jpg</subfield>
      <subfield code="x">jpgthumbnail</subfield>
      <subfield code="y">thumbnail 180x101 at 95 percent</subfield>
    </datafield>

    <datafield tag="859" ind1=" " ind2=" ">
      <subfield code="f">another.user@cern.ch</subfield>
    </datafield>
    <datafield tag="859" ind1=" " ind2=" ">
      <subfield code="f">tuser@cern.ch</subfield>
    </datafield>
    <datafield tag="937" ind1=" " ind2=" ">
      <subfield code="c">04 Jul 2017</subfield>
      <subfield code="s">another.user@cern.ch</subfield>
    </datafield>
    <datafield tag="960" ind1=" " ind2=" ">
      <subfield code="a">85</subfield>
    </datafield>
    <datafield tag="970" ind1=" " ind2=" ">
      <subfield code="a">AVW.clip.3447</subfield>
    </datafield>
    <datafield tag="980" ind1=" " ind2=" ">
      <subfield code="a">PUBLVIDEOMOVIE</subfield>
    </datafield>
    <datafield tag="980" ind1=" " ind2=" ">
      <subfield code="b">VIDEOMEDIALAB</subfield>
    </datafield>
  </record>
</collection>
